<?xml version="1.0" encoding="UTF-8"?><record xmlns="http://www.loc.gov/MARC21/slim" xmlns:cinclude="http://apache.org/cocoon/include/1.0" xmlns:zs="http://www.loc.gov/zing/srw/">
  <leader>00641cz  a2200193n  4500</leader>
  <controlfield tag="001">no 98004308 </controlfield>
  <controlfield tag="003">DLC</controlfield>
  <controlfield tag="005">20141028140737.0</controlfield>
  <controlfield tag="008">980106n| azannaabn          |a aaa     c</controlfield>
  <datafield tag="010" ind1=" " ind2=" ">
    <subfield code="a">no 98004308 </subfield>
    <subfield code="z">no 00062641 </subfield>
  </datafield>
  <datafield tag="035" ind1=" " ind2=" ">
    <subfield code="a">(OCoLC)oca04577153</subfield>
  </datafield>
  <datafield tag="040" ind1=" " ind2=" ">
    <subfield code="a">OCoLC</subfield>
    <subfield code="b">eng</subfield>
    <subfield code="e">rda</subfield>
    <subfield code="c">OCoLC</subfield>
    <subfield code="d">DLC</subfield>
    <subfield code="d">NN</subfield>
    <subfield code="d">DLC</subfield>
  </datafield>
  <datafield tag="100" ind1="1" ind2=" ">
    <subfield code="a">Holmes, Rupert.</subfield>
    <subfield code="t">Mystery of Edwin Drood</subfield>
  </datafield>
  <datafield tag="400" ind1="1" ind2=" ">
    <subfield code="a">Holmes, Rupert.</subfield>
    <subfield code="t">Edwin Drood</subfield>
  </datafield>
  <datafield tag="400" ind1="1" ind2=" ">
    <subfield code="a">Holmes, Rupert.</subfield>
    <subfield code="t">Drood</subfield>
  </datafield>
  <datafield tag="667" ind1=" " ind2=" ">
    <subfield code="a">Machine-derived authority record.</subfield>
  </datafield>
  <datafield tag="670" ind1=" " ind2=" ">
    <subfield code="a">LCCN 88-754012: Holmes, R. The mystery of Edwin Drood, c1986</subfield>
  </datafield>
  <datafield tag="670" ind1=" " ind2=" ">
    <subfield code="a">Holmes, E. Edwin Drood [SR], 1985</subfield>
  </datafield>
  <datafield tag="670" ind1=" " ind2=" ">
    <subfield code="a">Holmes, E. Drood [SR], 1987</subfield>
  </datafield>
</record>